@electronic{32c3,
  author = {plutoo and derrek and smea},
  title = {Breaking the 3DS},
  day = {28},
  month = {dec},
  year = {2015},
  url = {https://media.ccc.de/v/32c3-7240-console_hacking},
}

@electronic{clevermind,
  author = {Delebile},
  title = {Arm9LoaderHax - Deeper inside},
  day = {15},
  month = {feb},
  year = {2016},
  url = {http://www.clevermind.it/arm9loaderhax},
}

@electronic{cryptosystem,
  author = {Yifan~Lu},
  title = {The 3DS Cryptosystem},
  day = {6},
  month = {apr},
  year = {2016},
  url = {https://yifan.lu/2016/04/06/the-3ds-cryptosystem/},
}

@electronic{3DS_System_Flaws,
  author = {3dbrew~Contributors},
  title = {3DS System Flaws},
  url = {https://www.3dbrew.org/wiki/3DS_System_Flaws},
}

@electronic{OTP_Registers,
  author = {3dbrew~Contributors},
  title = {OTP Registers},
  url = {https://www.3dbrew.org/wiki/OTP_Registers},
}

@electronic{AES_Registers,
  author = {3dbrew~Contributors},
  title = {AES Registers},
  url = {https://www.3dbrew.org/wiki/AES_Registers},
}

@electronic{FIRM,
  author = {3dbrew~Contributors},
  title = {FIRM},
  url = {https://www.3dbrew.org/wiki/FIRM},
}

@electronic{Bootloader,
  author = {3dbrew~Contributors},
  title = {Bootloader},
  url = {https://www.3dbrew.org/wiki/Bootloader},
}

@electronic{SHA_Registers,
  author = {3dbrew~Contributors},
  title = {SHA Registers},
  url = {https://www.3dbrew.org/wiki/SHA_Registers},
}